
@techreport{reia_2022,
  title        = {Real Estate Institute of Australia},
  institution  = {Pre-Budget Submission 2022},
  year         = 2022,
  url          = {https://treasury.gov.au/sites/default/files/2022-03/258735_real_estate_institute_of_australia.pdf},
  note         = {Accessed: 2024-06-03}
}

@techreport{nsw_treasury_2021,
  author       = {Michael Malakellis and Michael Warlters},
  title        = {The Economic Costs of Transfer Duty: A Literature Review},
  institution  = {New South Wales Treasury},
  year         = 2021,
  url          = {https://www.treasury.nsw.gov.au/sites/default/files/2021-06/the_economic_costs_of_transfer_duty_a_literature_review.pdf},
  note         = {Accessed: 2024-06-03}
}

@article{kourentzes2019cross,
  title={Cross-temporal coherent forecasts for Australian tourism},
  author={Kourentzes, Nikolaos and Athanasopoulos, George},
  journal={Annals of Tourism Research},
  volume={75},
  pages={393--409},
  year={2019},
  publisher={Elsevier},
  url={https://doi.org/10.1016/j.annals.2019.02.001}
}

@book{hyndman2021forecasting,
  author       = {Rob J. Hyndman and George Athanasopoulos},
  title        = {Forecasting: Principles and Practice},
  edition      = {3rd},
  year         = 2021,
  publisher    = {OTexts},
  address      = {Melbourne, Australia},
  url          = {https://otexts.com/fpp3/},
  note         = {Accessed: 2024-06-03}
}

@article{gross1990disaggregation,
  title={Disaggregation methods to expedite product line forecasting},
  author={Gross, Charles W and Sohl, Jeffrey E},
  journal={Journal of forecasting},
  volume={9},
  number={3},
  pages={233--254},
  year={1990},
  publisher={Wiley Online Library},
  url={https://doi.org/10.1002/for.3980090304}
}

@article{wickramasuriya2018optimal,
  title={Optimal forecast reconciliation for hierarchical and grouped time series through trace minimization},
  author={Wickramasuriya, Shanika L and Athanasopoulos, George and Hyndman, Rob J},
  journal={Journal of the American Statistical Association},
  year={2018},
  publisher={Taylor \& Francis},
  url = {https://doi.org/10.1080/01621459.2018.1448825}
}

@article{hyndman2011optimal,
  title={Optimal combination forecasts for hierarchical time series},
  author={Hyndman, Rob J and Ahmed, Roman A and Athanasopoulos, George and Shang, Han Lin},
  journal={Computational statistics \& data analysis},
  volume={55},
  number={9},
  pages={2579--2589},
  year={2011},
  publisher={Elsevier},
  url = {https://doi.org/10.1016/j.csda.2011.03.006}
}

@article{athanasopoulos2017forecasting,
  title={Forecasting with temporal hierarchies},
  author={Athanasopoulos, George and Hyndman, Rob J and Kourentzes, Nikolaos and Petropoulos, Fotios},
  journal={European Journal of Operational Research},
  volume={262},
  number={1},
  pages={60--74},
  year={2017},
  publisher={Elsevier},
  url = {https://doi.org/10.1016/j.ejor.2017.02.046}
}

@article{hyndman2016fast,
  title={Fast computation of reconciled forecasts for hierarchical and grouped time series},
  author={Hyndman, Rob J and Lee, Alan J and Wang, Earo},
  journal={Computational statistics \& data analysis},
  volume={97},
  pages={16--32},
  year={2016},
  publisher={Elsevier},
  url = {https://doi.org/10.1016/j.csda.2015.11.007}
}

@Manual{FoReco,
  title = {FoReco: Point Forecast Reconciliation},
  author = {Daniele Girolimetto and Tommaso Di Fonzo},
  note = {R package version 2.6},
  year = {2023},
  url = {https://cran.r-project.org/package=FoReco},
}
